%!TEX root=../rwg.tex
%--------------------------- working group report -------------
@article{fischer1985impossibility,
  title={Impossibility of distributed consensus with one faulty process},
  author={Fischer, Michael J and Lynch, Nancy A and Paterson, Michael S},
  journal={Journal of the ACM (JACM)},
  volume={32},
  number={2},
  pages={374--382},
  year={1985},
  publisher={ACM}
}
i
@article{floyd1967assigning,
  title={Assigning meanings to programs},
  author={Floyd, Robert W},
  journal={Mathematical aspects of computer science},
  volume={19},
  number={19-32},
  pages={1},
  year={1967}
}

@inproceedings{hawblitzel2015ironfleet,
  title={{IronFleet: Proving Practical Distributed Systems Correct}},
  author={Hawblitzel, Chris and Howell, Jon and Kapritsos, Manos and Lorch, Jacob R and Parno, Bryan and Roberts, Michael L and Setty, Srinath and Zill, Brian},
  booktitle={Proceedings of the 25th Symposium on Operating Systems Principles},
  pages={1--17},
  year={2015},
  organization={ACM}
}

@inproceedings{aguilera2007sinfonia,
  title={{Sinfonia: A New Paradigm for Building Scalable Distributed Systems}},
  author={Aguilera, Marcos K and Merchant, Arif and Shah, Mehul and Veitch, Alistair and Karamanolis, Christos},
  booktitle={ACM SIGOPS Operating Systems Review},
  volume={41},
  number={6},
  pages={159--174},
  year={2007},
  organization={ACM}
}

@inproceedings{van2004chain,
  title={{Chain Replication for Supporting High Throughput and Availability}},
  author={Van Renesse, Robbert and Schneider, Fred B},
  booktitle={OSDI},
  volume={4},
  pages={91--104},
  year={2004}
}

@inproceedings {geode-vulimiri,
author = {Ashish Vulimiri and Carlo Curino and P. Brighten Godfrey and Thomas Jungblut and Jitu Padhye and George Varghese},
title = {Global Analytics in the Face of Bandwidth and Regulatory Constraints},
booktitle = {12th USENIX Symposium on Networked Systems Design and Implementation (NSDI 15)},
year = {2015},
month = May,
isbn = {978-1-931971-218},
address = {Oakland, CA},
pages = {323--336},
url = {https://www.usenix.org/conference/nsdi15/technical-sessions/presentation/vulimiri},
publisher = {USENIX Association},
}

@inproceedings{swag-hung,
 author = {Hung, Chien-Chun and Golubchik, Leana and Yu, Minlan},
 title = {Scheduling Jobs Across Geo-distributed Datacenters},
 booktitle = {Proceedings of the Sixth ACM Symposium on Cloud Computing},
 series = {SoCC '15},
 year = {2015},
 isbn = {978-1-4503-3651-2},
 location = {Kohala Coast, Hawaii},
 pages = {111--124},
 numpages = {14},
 url = {http://doi.acm.org/10.1145/2806777.2806780},
 doi = {10.1145/2806777.2806780},
 acmid = {2806780},
 publisher = {ACM},
 address = {New York, NY, USA},
} 


@inproceedings{iridium-pu,
 author = {Pu, Qifan and Ananthanarayanan, Ganesh and Bodik, Peter and Kandula, Srikanth and Akella, Aditya and Bahl, Paramvir and Stoica, Ion},
 title = {Low Latency Geo-distributed Data Analytics},
 booktitle = {Proceedings of the 2015 ACM Conference on Special Interest Group on Data Communication},
 series = {SIGCOMM '15},
 year = {2015},
 isbn = {978-1-4503-3542-3},
 location = {London, United Kingdom},
 pages = {421--434},
 numpages = {14},
 url = {http://doi.acm.org/10.1145/2785956.2787505},
 doi = {10.1145/2785956.2787505},
 acmid = {2787505},
 publisher = {ACM},
 address = {New York, NY, USA},
 keywords = {data analytics, geo-distributed, low latency, network aware, wan analytics},
} 


@article{spanner-corbett,
 author = {Corbett, James C. and Dean, Jeffrey and Epstein, Michael and Fikes, Andrew and Frost, Christopher and Furman, J. J. and Ghemawat, Sanjay and Gubarev, Andrey and Heiser, Christopher and Hochschild, Peter and Hsieh, Wilson and Kanthak, Sebastian and Kogan, Eugene and Li, Hongyi and Lloyd, Alexander and Melnik, Sergey and Mwaura, David and Nagle, David and Quinlan, Sean and Rao, Rajesh and Rolig, Lindsay and Saito, Yasushi and Szymaniak, Michal and Taylor, Christopher and Wang, Ruth and Woodford, Dale},
 title = {Spanner: Google\&Rsquo;s Globally Distributed Database},
 journal = {ACM Trans. Comput. Syst.},
 issue_date = {August 2013},
 volume = {31},
 number = {3},
 month = aug,
 year = {2013},
 issn = {0734-2071},
 pages = {8:1--8:22},
 articleno = {8},
 numpages = {22},
 url = {http://doi.acm.org/10.1145/2491245},
 doi = {10.1145/2491245},
 acmid = {2491245},
 publisher = {ACM},
 address = {New York, NY, USA},
 keywords = {Distributed databases, concurrency control, replication, time management, transactions},
} 

@inproceedings{Lloyd:2011:DSE:2043556.2043593,
 author = {Lloyd, Wyatt and Freedman, Michael J. and Kaminsky, Michael and Andersen, David G.},
 title = {{Don't Settle for Eventual: Scalable Causal Consistency for Wide-area Storage with COPS}},
 booktitle = {Proceedings of the Twenty-Third ACM Symposium on Operating Systems Principles},
 series = {SOSP '11},
 year = {2011},
 isbn = {978-1-4503-0977-6},
 location = {Cascais, Portugal},
 pages = {401--416},
 numpages = {16},
 url = {http://doi.acm.org/10.1145/2043556.2043593},
 doi = {10.1145/2043556.2043593},
 acmid = {2043593},
 publisher = {ACM},
 address = {New York, NY, USA},
 keywords = {ALPS systems, causal + consistency, key-value storage, read transactions, scalable wide-area replication},
} 

@misc{fb_size,
title         = {{Facebook processes more than 500 TB of data daily}},
howpublished  = {\url{http://www.cnet.com/news/facebook-processes-more-than-500-tb-of-data-daily/}},
}

@inproceedings{hyperdex,
  author    = {Robert Escriva and
               Bernard Wong and
               Emin GÃ¼n Sirer},
  title     = {{HyperDex: A Distributed, Searchable Key-Value Store}},
  booktitle = {Proceedings of the ACM SIGCOMM Conference},
  year      = {2012},
  pages     = {25-36},
}

@inproceedings{farm,
  author    = {Aleksandar Dragojevic and
               Dushyanth Narayanan and
               Edmund B. Nightingale and
               Matthew Renzelmann and
               Alex Shamis and
               Anirudh Badam and
               Miguel Castro},
  title     = {{No compromises: distributed transactions with consistency, availability, and performance}},
  booktitle = {Proceedings of the ACM Symposium on Operating Systems Principles},
  year      = {2015},
  pages     = {54-70},
}

@inproceedings{tapir,
  author    = {Irene Zhang and
               Naveen Kr. Sharma and
               Adriana Szekeres and
               Arvind Krishnamurthy and
               Dan R. K. Ports},
  title     = {{Building Consistent Transactions with Inconsistent Replication}},
  booktitle = {Proceedings of the ACM Symposium on Operating Systems Principles},
  year      = {2015},
  pages     = {263-278},
}

@inproceedings{callas,
  author    = {Chao Xie and
               Chunzhi Su and
               Cody Littley and
               Lorenzo Alvisi and
               Manos Kapritsos and
               Yang Wang},
  title     = {{High-Performance ACID via Modular Concurrency Control}},
  booktitle = {Proceedings of the ACM Symposium on Operating Systems Principles},
  year      = {2015},
  pages     = {279-294},
}

@article{vogels_consistency,
  author    = {Werner Vogels},
  title     = {{Eventually Consistent}},
  journal   = {Communications of the ACM},
  volume    = {52},
  number    = {1},
  year      = {2009},
  pages     = {40-44},
}

@inproceedings{cap,
  author    = {Eric A. Brewer},
  title     = {{Towards Robust Distributed Systems}},
  booktitle = {Proceedings of the ACM Symposium on Principles of Distributed Computing},
  year      = {2004}
}
